@inbook{Borghesi_2024, 
  title={Unveiling Computer Chess Evolution: Can Machine Learning Detect Historical Trends?},
  ISBN={9783031743535},
  ISSN={1611-3349},
  url={http://dx.doi.org/10.1007/978-3-031-74353-5_3},
  DOI={10.1007/978-3-031-74353-5_3},
  booktitle={Entertainment Computing – ICEC 2024},
  publisher={Springer Nature Switzerland},
  author={Borghesi, Andrea and Ciancarini, Paolo and Di Iorio, Angelo and Moro, Gianluca},
  year={2024},
  month=sep,
  pages={35–49} 
}

@article{2023arXiv230913761W,
  author = {{Wan}, Zhongwei},
  title = "{Text Classification: A Perspective of Deep Learning Methods}",
  journal = {arXiv e-prints},
  keywords = {Computer Science - Computation and Language},
  year = 2023,
  month = sep,
  eid = {arXiv:2309.13761},
  pages = {arXiv:2309.13761},
  doi = {10.48550/arXiv.2309.13761},
  archivePrefix = {arXiv},
  eprint = {2309.13761},
  primaryClass = {cs.CL},
  adsurl = {https://ui.adsabs.harvard.edu/abs/2023arXiv230913761W},
  adsnote = {Provided by the SAO/NASA Astrophysics Data System}
}

@article{Howells01042006,
  author = {Matt Howells},
  title = {CrossRef: an overview},
  journal = {Editors' Bulletin},
  volume = {2},
  number = {1},
  pages = {12--16},
  year = {2006},
  publisher = {Taylor \& Francis},
  doi = {10.1080/17521740701702073},
  URL = {https://doi.org/10.1080/17521740701702073},
  eprint = {https://doi.org/10.1080/17521740701702073}
}

@misc{openalex,
  author = {{OpenAlex}},
  title = {OpenAlex: A free, open, and comprehensive database of scholarly works},
  year = {2025},
  url = {https://openalex.org/about}
}

@article{2023arXiv230309957M,
  author = {{Meuschke}, Norman and {Jagdale}, Apurva and {Spinde}, Timo and {Mitrovi{\'c}}, Jelena and {Gipp}, Bela},
  title = "{A Benchmark of PDF Information Extraction Tools using a Multi-Task and Multi-Domain Evaluation Framework for Academic Documents}",
  journal = {arXiv e-prints},
  keywords = {Computer Science - Information Retrieval},
  year = 2023,
  month = mar,
  eid = {arXiv:2303.09957},
  pages = {arXiv:2303.09957},
  doi = {10.48550/arXiv.2303.09957},
  archivePrefix = {arXiv},
  eprint = {2303.09957},
  primaryClass = {cs.IR},
  adsurl = {https://ui.adsabs.harvard.edu/abs/2023arXiv230309957M},
  adsnote = {Provided by the SAO/NASA Astrophysics Data System}
}

@misc{grobid2024,
  author = {GROBID Documentation},
  title = {Principles - GROBID Documentation},
  year = {2024},
  url = {https://grobid.readthedocs.io/en/latest/Principles/}
}

@misc{pypdf2024,
  author = {PyPDF Developers},
  title = {PyPDF Documentation},
  year = {2024},
  url = {https://pypdf.readthedocs.io/en/stable/}
}

@misc{pymupdf,
  author = {{PyMuPDF Developers}},
  title = {PyMuPDF Documentation},
  year = {2025},
  url = {https://pymupdf.readthedocs.io/en/latest/}
}

@misc{pdfplumber,
  author = {Jeremy Singer-Vine},
  title = {pdfplumber: Extract text, tables, and metadata from PDFs},
  year = {2025},
  url = {https://github.com/jsvine/pdfplumber}
}

@misc{vajjala2025textclassificationllmera,
  title={Text Classification in the LLM Era -- Where do we stand?}, 
  author={Sowmya Vajjala and Shwetali Shimangaud},
  year={2025},
  eprint={2502.11830},
  archivePrefix={arXiv},
  primaryClass={cs.CL},
  url={https://arxiv.org/abs/2502.11830}, 
}

@misc{pangakis2024knowledgedistillationautomatedannotation,
  title={Knowledge Distillation in Automated Annotation: Supervised Text Classification with LLM-Generated Training Labels}, 
  author={Nicholas Pangakis and Samuel Wolken},
  year={2024},
  eprint={2406.17633},
  archivePrefix={arXiv},
  primaryClass={cs.CL},
  url={https://arxiv.org/abs/2406.17633}, 
}

@article{grootendorst2022bertopic,
  title={BERTopic: Neural topic modeling with a class-based TF-IDF procedure},
  author={Grootendorst, Maarten},
  journal={arXiv preprint arXiv:2203.05794},
  year={2022}
}

@article{DBLP:journals/corr/abs-1910-13461,
  author = {Mike Lewis and Yinhan Liu and Naman Goyal and Marjan Ghazvininejad and Abdelrahman Mohamed and Omer Levy and Veselin Stoyanov and Luke Zettlemoyer},
  title = {{BART:} Denoising Sequence-to-Sequence Pre-training for Natural Language Generation, Translation, and Comprehension},
  journal = {CoRR},
  volume = {abs/1910.13461},
  year = {2019},
  url = {http://arxiv.org/abs/1910.13461},
  eprinttype = {arXiv},
  eprint = {1910.13461},
  timestamp = {Thu, 31 Oct 2019 14:02:26 +0100},
  biburl = {https://dblp.org/rec/journals/corr/abs-1910-13461.bib},
  bibsource = {dblp computer science bibliography, https://dblp.org}
}